@BOOK{barto_sutton,
       author = {{Barto} Andrew and {Sutton} Richard},
        title = "{Introduction to Reinforcement Learning}",
        year = 2020,
        publisher = "{The MIT Press}"
}

@ARTICLE{wolpertinger,
       author = {{Dulac-Arnold}, Gabriel and {Evans}, Richard and {van Hasselt}, Hado and
         {Sunehag}, Peter and {Lillicrap}, Timothy and {Hunt}, Jonathan and
         {Mann}, Timothy and {Weber}, Theophane and {Degris}, Thomas and
         {Coppin}, Ben},
        title = "{Deep Reinforcement Learning in Large Discrete Action Spaces}",
      journal = {arXiv e-prints},
     keywords = {Computer Science - Artificial Intelligence, Computer Science - Machine Learning, Computer Science - Neural and Evolutionary Computing, Statistics - Machine Learning},
         year = 2015,
          eid = {arXiv:1512.07679},
        pages = {arXiv:1512.07679},
archivePrefix = {arXiv},
       eprint = {1512.07679},
 primaryClass = {cs.AI},
       adsurl = {https://ui.adsabs.harvard.edu/abs/2015arXiv151207679D},
      adsnote = {Provided by the SAO/NASA Astrophysics Data System}
}

@ARTICLE{softq,
       author = {{Haarnoja}, Tuomas and {Tang}, Haoran and {Abbeel}, Pieter and
         {Levine}, Sergey},
        title = "{Reinforcement Learning with Deep Energy-Based Policies}",
      journal = {arXiv e-prints},
     keywords = {Computer Science - Machine Learning, Computer Science - Artificial Intelligence},
         year = 2017,
          eid = {arXiv:1702.08165},
        pages = {arXiv:1702.08165},
archivePrefix = {arXiv},
       eprint = {1702.08165},
 primaryClass = {cs.LG},
       adsurl = {https://ui.adsabs.harvard.edu/abs/2017arXiv170208165H},
      adsnote = {Provided by the SAO/NASA Astrophysics Data System}
}

@ARTICLE{sac,
       author = {{Haarnoja}, Tuomas and {Zhou}, Aurick and {Hartikainen}, Kristian and
         {Tucker}, George and {Ha}, Sehoon and {Tan}, Jie and {Kumar}, Vikash and
         {Zhu}, Henry and {Gupta}, Abhishek and {Abbeel}, Pieter and
         {Levine}, Sergey},
        title = "{Soft Actor-Critic Algorithms and Applications}",
      journal = {arXiv e-prints},
     keywords = {Computer Science - Machine Learning, Computer Science - Artificial Intelligence, Computer Science - Robotics, Statistics - Machine Learning},
         year = 2018,
          eid = {arXiv:1812.05905},
        pages = {arXiv:1812.05905},
archivePrefix = {arXiv},
       eprint = {1812.05905},
 primaryClass = {cs.LG},
       adsurl = {https://ui.adsabs.harvard.edu/abs/2018arXiv181205905H},
      adsnote = {Provided by the SAO/NASA Astrophysics Data System}
}

@ARTICLE{filter_bubble,
	author = {Tien T. Nguyen et al.},
	title =  "{Exploring the Filter Bubble: The Effect of Using Recommender Systems on Content Diversity}"	,
	journal = "{WWW 2014 Proceedings}",
	year = 2014,
	pages = {677-686}
}

@ARTICLE{agent57,
       author = {{Puigdom{\`e}nech Badia}, Adri{\`a} and {Piot}, Bilal and
         {Kapturowski}, Steven and {Sprechmann}, Pablo and {Vitvitskyi}, Alex and
         {Guo}, Daniel and {Blundell}, Charles},
        title = "{Agent57: Outperforming the Atari Human Benchmark}",
      journal = {arXiv e-prints},
     keywords = {Computer Science - Machine Learning, Statistics - Machine Learning},
         year = 2020,
          eid = {arXiv:2003.13350},
        pages = {arXiv:2003.13350},
archivePrefix = {arXiv},
       eprint = {2003.13350},
 primaryClass = {cs.LG},
       adsurl = {https://ui.adsabs.harvard.edu/abs/2020arXiv200313350P},
      adsnote = {Provided by the SAO/NASA Astrophysics Data System}
}

@ARTICLE{alphastar,
	author = {Oriol Vinyals et al},
	title = "{Grandmaster level in StarCraft II using multi-agent reinforcement learning}"
}

@ARTICLE{dqn,
       author = {{Mnih}, Volodymyr and {Kavukcuoglu}, Koray and {Silver}, David and
         {Graves}, Alex and {Antonoglou}, Ioannis and {Wierstra}, Daan and
         {Riedmiller}, Martin},
        title = "{Playing Atari with Deep Reinforcement Learning}",
      journal = {arXiv e-prints},
     keywords = {Computer Science - Machine Learning},
         year = 2013,
          eid = {arXiv:1312.5602},
        pages = {arXiv:1312.5602},
archivePrefix = {arXiv},
       eprint = {1312.5602},
 primaryClass = {cs.LG},
       adsurl = {https://ui.adsabs.harvard.edu/abs/2013arXiv1312.5602M},
      adsnote = {Provided by the SAO/NASA Astrophysics Data System}
}

@ARTICLE{ddpg,
       author = {{Lillicrap}, Timothy P. and {Hunt}, Jonathan J. and {Pritzel}, Alexand
        er and {Heess}, Nicolas and {Erez}, Tom and {Tassa}, Yuval and
         {Silver}, David and {Wierstra}, Daan},
        title = "{Continuous control with deep reinforcement learning}",
      journal = {arXiv e-prints},
     keywords = {Computer Science - Machine Learning, Statistics - Machine Learning},
         year = 2015,
          eid = {arXiv:1509.02971},
        pages = {arXiv:1509.02971},
archivePrefix = {arXiv},
       eprint = {1509.02971},
 primaryClass = {cs.LG},
       adsurl = {https://ui.adsabs.harvard.edu/abs/2015arXiv150902971L},
      adsnote = {Provided by the SAO/NASA Astrophysics Data System}
}

@ARTICLE{two_stage,
       author = {Paul Covington et al.},
        title = "{Deep Neural Networks for YouTube Recommendations}"
}

@ARTICLE{skip_gram,
       author = {{Mikolov}, Tomas and {Chen}, Kai and {Corrado}, Greg and {Dean}, Jeffrey},
        title = "{Efficient Estimation of Word Representations in Vector Space}",
      journal = {arXiv e-prints},
     keywords = {Computer Science - Computation and Language},
         year = 2013,
          eid = {arXiv:1301.3781},
        pages = {arXiv:1301.3781},
archivePrefix = {arXiv},
       eprint = {1301.3781},
 primaryClass = {cs.CL},
       adsurl = {https://ui.adsabs.harvard.edu/abs/2013arXiv1301.3781M},
      adsnote = {Provided by the SAO/NASA Astrophysics Data System}
}

